@InProceedings{10.1007/978-3-540-85174-5_31,
author="Peikert, Chris
and Vaikuntanathan, Vinod
and Waters, Brent",
editor="Wagner, David",
title="A Framework for Efficient and Composable Oblivious Transfer",
booktitle="Advances in Cryptology -- CRYPTO 2008",
year="2008",
publisher="Springer Berlin Heidelberg",
address="Berlin, Heidelberg",
pages="554--571",
abstract="We propose a simple and general framework for constructing oblivious transfer (OT) protocols that are efficient, universally composable, and generally realizable under any one of a variety of standard number-theoretic assumptions, including the decisional Diffie-Hellman assumption, the quadratic residuosity and decisional composite residuosity assumptions, and worst-case lattice assumptions.",
isbn="978-3-540-85174-5"
}

