@unknown{unknown,
author = {Rosca, Miruna and Sakzad, Amin and Stehl√©, Damien and Steinfeld, Ron},
year = {2017},
month = {08},
pages = {283-297},
title = {Middle-Product Learning with Errors},
isbn = {978-3-319-63696-2},
doi = {10.1007/978-3-319-63697-9_10}
}