@InProceedings{LyuMic06icalp,
  Author         = {Lyubashevsky, Vadim and Micciancio, Daniele},
  Title          = {Generalized compact knapsacks are collision resistant},
  year           = 2006,
  Editor         = {Wegener, Ingo and Sassone, Vladimiro and Preneel, Bart},
  Series         = {Lecture Notes in Computer Science},
  Address        = {Venice, Italy},
  Publisher      = {Springer-Verlag},
  booktitle      = {Proceedings of the 33rd international colloquium on
                   automata, languages and programming - {ICALP} 2006},
  month          = jul,
  volume         = 4052,
  pages          = {144--155},
}
